<?xml version="1.0" encoding="UTF-8"?><collection xmlns="http://www.loc.gov/MARC21/slim"><record><leader>00440nam--2200133-i-4500</leader><controlfield tag="001">000026168</controlfield><controlfield tag="002">20161230</controlfield><controlfield tag="005">20161230201036</controlfield><controlfield tag="008">060222s1000------------r-----000-0-eng-d</controlfield><datafield ind1=" " ind2=" " tag="080"><subfield code="a">615</subfield></datafield><datafield ind1=" " ind2=" " tag="100"><subfield code="a">Jonge, Adrian</subfield></datafield><datafield ind1=" " ind2=" " tag="245"><subfield code="a">Discrimination between central and peripheral - adrenoceptors within a series of clonidine-like imidazolidines: a molecular pharmacological approach..</subfield></datafield><datafield ind1=" " ind2=" " tag="260"><subfield code="a">Amsterdam, Universiteit, 1982. 125p</subfield></datafield><datafield ind1=" " ind2=" " tag="852"><subfield code="a">71848</subfield></datafield></record></collection>